@article{einstein,
    author =       "Albert Einstein",
    title =        "{Zur Elektrodynamik bewegter K{\"o}rper}. ({German})
        [{On} the electrodynamics of moving bodies]",
    journal =      "Annalen der Physik",
    volume =       "322",
    number =       "10",
    pages =        "891--921",
    year =         "1905",
    DOI =          "http://dx.doi.org/10.1002/andp.19053221004"
}
 
@misc{Methodologies,
    author    = "Synopsys Team",
    title     = "Top 4 software development methodologies | Synopsys",
    url       = "https://www.synopsys.com/blogs/software-security/top-4-software-development-methodologies/"
}
@misc{Select,
    author    = "Gaurav Singhal",
    title     = "How to Get Selected Value from a Mapped Select Input in React | Pluralsight",
    url       = "https://www.pluralsight.com/guides/how-to-get-selected-value-from-a-mapped-select-input-in-react"
}
@misc{Vis.js,
    author    = "Visjs.org",
    title     = "vis.js",
    url       = "https://visjs.org/"
}
@misc{D3.js,
    author    = "Mike Bostock",
    title     = "D3.js - Data-Driven Documents",
    url       = "https://d3js.org/"
}
@misc{Node.js,
    title     = "About | Node.js",
    url       = "https://nodejs.org/en/about/"
}
@misc{Neo4J,
    title     = "Neo4j Aura - Fully Managed Cloud Solution",
    url       = "https://neo4j.com/cloud/aura/"
}
@misc{select-country,
    title     = "react-select-country-list",
    url       = "https://www.npmjs.com/package/react-select-country-list"
}
@misc{popup,
    title     = "reactjs-popup",
    url       = "https://www.npmjs.com/package/reactjs-popup"
}
@misc{cloud,
    title     = "Google Cloud overview  |  Overview",
    url       = "https://cloud.google.com/docs/overview"
}
@misc{Heroku1,
    title     = "What is Heroku | Heroku",
    url       = "https://www.heroku.com/what"
}
@misc{Heroku2,
    title     = "About Heroku | Heroku",
    url       = "https://www.heroku.com/about"
}
@misc{Neo4J2,
    title     = "Neo4j Graph Data Platform â€“ The Leader in Graph Databases",
    url       = "https://neo4j.com/"
}
@misc{Neo4J3,
    title     = "Capabilities of the Neo4j Graph Database with Real-life Examples",
    url       = "https://rubygarage.org/blog/neo4j-database-guide-with-use-cases"
}
@misc{Axios,
    title     = "React axios - Javatpoint",
    url       = "https://www.javatpoint.com/react-axios"
}
@misc{Bootstrap,
    title     = "React-Bootstrap",
    url       = "https://react-bootstrap.github.io/"
}
@misc{prop-types,
    title     = "prop-types",
    url       = "https://www.npmjs.com/package/prop-types"
}
@misc{react-google-login,
    title     = "react-google-login",
    url       = "https://www.npmjs.com/package/react-google-login"
}
@misc{Chatengine,
    title     = "Chatengine.io",
    url       = "https://chatengine.io/docs/react/v1"
}
@misc{Neovis2,
    author    = "Neo4j Graph Data Platform",
    title     = "Graph Visualization with Neo4j Using Neovis.js",
    url       = "https://neo4j.com/developer-blog/graph-visualization-with-neo4j-using-neovis-js/"
}
@misc{React-Graph-Vis,
    title     = "react-graph-vis",
    url       = "https://www.npmjs.com/package/react-graph-vis"
}

@misc{AngularvsReact,
    author    = "Hiren Dhaduk",
    title     = " 	Angular vs React 2022: Which JS Framework your Project Requires?",
    url       = "https://www.simform.com/blog/angular-vs-react/"
}
@misc{Firebase,
    author    = "SearchMobileComputing",
    title     = "What is Google Firebase? - Definition from WhatIs.com",
    url       = "https://www.techtarget.com/searchmobilecomputing/definition/Google-Firebase"
}
@misc{Router-dom,
    author    = "GeeksforGeeks",
    title     = "What is react-router-dom ? - GeeksforGeeks",
    url       = "https://www.geeksforgeeks.org/what-is-react-router-dom/"
}

@misc{Neovis,
    title     = "GitHub - Graph visualizations in the browser with data from Neo4j.",
    url       = "https://github.com/neo4j-contrib/neovis.js/",
}

@misc{Javascript,
    title     = "Hackreactor.com",
    url       = "https://www.hackreactor.com/blog/what-is-javascript-used-for"
}

 
@misc{knuthwebsite,
    author    = "Donald Knuth",
    title     = "Knuth: Computers and Typesetting",
    url       = "http://www-cs-faculty.stanford.edu/\~{}uno/abcde.html"
}